@book{jech:stt,
  title={{Set Theory, The Third Millennium Edition, Revised and Expanded}},
  author={Jech, Thomas},
  publisher={Springer monographs in mathematics, New York},
  year={2002}
}
@book{vopenka:semisets,
  title={{The Theory of semisets}},
  author={Vop\v{e}nka, Petr and H\'ajek, Petr},
  year={1972},
  publisher={Amsterdam: North-Holland}
}

@article{dow:mstt,
  key={Dow95},
  title={{More set-theory for topologists}},
  author={Dow, A.},
  journal={Topology and its Applications},
  volume={64},
  number={3},
  pages={243--300},
  year={1995},
  publisher={Elsevier BV}
}
@article{ostaszewski,
  key={Ost76},
  title={On countably compact perfectly normal spaces},
  author={Ostaszewski, A. J.},
  journal={J. London Math. Soc.},
  volume={14},
  pages={505--516},
  year={1976},
}
