@book {ArTo:05,
    AUTHOR = {Argyros, S. A. and Todorcevic, S.},
     TITLE = {Ramsey methods in analysis},
    SERIES = {Advanced Courses in Mathematics. CRM Barcelona},
 PUBLISHER = {Birkh\"auser Verlag},
   ADDRESS = {Basel},
      YEAR = {2005},
     PAGES = {viii+257},
      ISBN = {978-3-7643-7264-4; 3-7643-7264-8},
   MRCLASS = {46B20 (03E05 05D10 46B03 46B26)},
  MRNUMBER = {MR2145246 (2006e:46015)},
MRREVIEWER = {Edward W. Odell},
}

@book {BaSt,
   author = {Balcar, B. and {\v S}t{\v e}p{\' a}nek, P.},
   title = {Teorie Mno{\v z}in},
   publisher = {Academia},
   address = {Prague, Czech Republic},
   year = {2000}
}

@book{Engelking,
  title={General Topology},
  series={Sigma Series in Pure Mathematics},
  volume={6},
  author={Engelking, R.},
  publisher={Heldermann, Berlin},
  year={1989}
}


@book {BaJu:95,
    AUTHOR = {Bartoszy{\'n}ski, T. and Judah, H.},
     TITLE = {Set theory},
      NOTE = {On the structure of the real line},
 PUBLISHER = {A K Peters Ltd.},
   ADDRESS = {Wellesley, MA},
      YEAR = {1995},
     PAGES = {xii+546},
      ISBN = {1-56881-044-X},
   MRCLASS = {03-02 (03Exx)},
  MRNUMBER = {MR1350295 (96k:03002)},
MRREVIEWER = {Eva Coplakova},
}

@book {BlTu,
   author = {B{\l}aszczyk, A. and Turek, S.},
   title = {Teoria Mnogo{\' s}ci},
   publisher = {Wydawnictwo naukowe PWN},
   address = {Warszawa, Poland},
   year = {2007},
}

@article {DowST,
    AUTHOR = {Dow, A.},
     TITLE = {More set-theory for topologists},
   JOURNAL = {Topology Appl.},
  FJOURNAL = {Topology and its Applications},
    VOLUME = {64},
      YEAR = {1995},
    NUMBER = {3},
     PAGES = {243--300},
      ISSN = {0166-8641},
     CODEN = {TIAPD9},
   MRCLASS = {54A35 (03E35)},
  MRNUMBER = {MR1342520 (97a:54005)},
MRREVIEWER = {Andrzej Szyma{\'n}ski},
}


@book {JechST,
    AUTHOR = {Jech, T.},
     TITLE = {Set theory, The Third Millennium Edition},
    SERIES = {Springer Monographs in Mathematics},
 PUBLISHER = {Springer-Verlag},
   ADDRESS = {Berlin},
      YEAR = {2002},
      key  = {Jech02}
}

@book {Ke:1994,
    AUTHOR = {Kechris, A. S.},
     TITLE = {Classical descriptive set theory},
    SERIES = {Graduate Texts in Mathematics},
    VOLUME = {156},
 PUBLISHER = {Springer-Verlag},
   ADDRESS = {New York},
      YEAR = {1995},
     PAGES = {xviii+402},
      ISBN = {0-387-94374-9},
   MRCLASS = {03E15 (03-01 03-02 04A15 28A05 54H05 90D44)},
  MRNUMBER = {MR1321597 (96e:03057)},
MRREVIEWER = {Jakub Jasi{\'n}ski},
}

@InCollection{Bl:2009,
author = {Blass, A.},
editor = {Foreman, M. and Kanamori},
booktitle = {Handbook of Set Theory},
title = {Combinatorial Cardinal Characteristics of the Continuum},
publisher = {Springer},
year = {2009},
volume = {1}
}


@InCollection{BSHBA,
author = {Balcar, B. and Simon, P.},
editor = {Monk, J.D. and R. Bonnet},
booktitle = {Handbook of {B}oolean algebras},
title = {Appendix on general topology},
publisher = {North-Holland Publishing Co.},
year = {1989},
volume = {3}
}

@InCollection{RSHBA,
author = {Rubin, M. and \v{S}t\v{e}p\'anek, P.},
editor = {Monk, J.D. and R. Bonnet},
booktitle = {Handbook of {B}oolean algebras},
title = {Homogeneous Boolean Algebras},
publisher = {North-Holland Publishing Co.},
year = {1989},
volume = {2}
}

@InCollection{Katowice,
author = {Nyikos, P.},
editor = {Elliott Pearl},
booktitle = {Open Problems in Topology II},
title = {Cech-Stone remainders of discrete spaces},
publisher = {Elsevier B.V., Amsterdam},
year = {2007},
pages={207--216}
}


@article{kanamori,
  key={Kan08},
  title={Cohen and Set Theory},
  author={Kanamori, A.},
  journal={The Bulletin of Symbolic Logic},
  volume={14},
  number={3},
  pages={351--378},
  year={2008}
}



@article{PKos:coherent,
  key={Kosz93},
  title={On Coherent Families of Finite-to-One Functions},
  author={Koszmider, P.},
  journal={The Journal of Symbolic Logic},
  volume={58},
  number={1},
  pages={128--138},
  year={1993}
}

@article{BS:baire,
  key={BS95},
  title={Baire Number of The Spaces of Uniform Ultrafilters},
  author={Balcar, B. and Simon, P.},
  journal={Israel Journal of Mathematics},
  volume={92},
  pages={263--272},
  year={1995}
}

@article{BV:ad-sets,
  key={BV72},
  title={On systems of almost disjoint sets},
  author={Balcar, B. and Vopěnka, P.},
  journal={Bulletin de l'Acad\'emie Polonaise des Sciences},
  volume={20},
  pages={421--424},
  year={1972}
}

@article{SH:pw-modsmall,
  title={Power set modulo small, the singular of uncountable cofinality},
  author={Shelah, S.},
  journal={Journal of Symbolic Logic},
  volume={72},
  number={1},
  pages={226--242},
  year={2007},
  publisher={Association for Symbolic Logic, Inc.}
}


@InProceedings{goldstern,
author = {Goldstern, M.},
title = {Tools for your forcing construction},
editor={Judah, H.},
booktitle = {Set Theory of the Reals, Israel Mathematical Conference Proceedings},
pages = {307--362},
year = {1993},
publisher={American Mathematical Society},
volume = {06}
}


@InProceedings{Voj:93,
author = {Vojtáš, P.},
title = {Generalized Galois-Tukey connections between explicit relations on classical objects of real analysis},
editor={Judah, H.},
booktitle = {Set Theory of the Reals, Israel Mathematical Conference Proceedings},
pages = {619--643},
year = {1993},
publisher={American Mathematical Society},
volume = {06}
}

@InProceedings{Fre:84,
author = {Fremlin, D. H.},
title = {Cicho\'n's diagram},
editor={Choquet, G. and Rogalski, M.},
booktitle = {Séminaire Initiation \`a l'Analyse},
pages = {5\-01--5\-13},
year = {1984},
publisher={Publications Mathématiques de l'Université Pierre et Marie Curie, Paris}
}

@article{Br:2006,
  key={Br06},
  title={Van Douwen’s diagram for dense sets of rationals},
  author={Brendle, J.},
  journal={Annals of Pure and Applied Logic},
  volume={143},
  pages={54--69},
  year={2006}
}

@article{Sol:1970,
  key={Sol70},
  title={A Model of Set-Theory in Which Every Set of Reals is Lebesgue Measurable},
  author={Solovay, R. M.},
  journal={Annals of Mathematics},
  volume={92},
  number={1},
  pages={1--56},
  year={1970}
}

@book {Handbook1,
    AUTHOR = {Koppelberg, S.},
     TITLE = {Handbook of {B}oolean algebras},
 PUBLISHER = {North-Holland Publishing Co.},
   ADDRESS = {Amsterdam},
      YEAR = {1989},
      volume = {1}
}

@book {KunST,
    AUTHOR = {Kunen, K.},
     TITLE = {Set theory},
    SERIES = {Studies in Logic and the Foundations of Mathematics},
    VOLUME = {102},
      NOTE = {An introduction to independence proofs,
              Reprint of the 1980 original},
 PUBLISHER = {North-Holland Publishing Co.},
   ADDRESS = {Amsterdam},
      YEAR = {1983},
     PAGES = {xvi+313},
      ISBN = {0-444-86839-9},
   MRCLASS = {03-02 (03E35 03Exx 04-02)},
  MRNUMBER = {MR756630 (85e:03003)},
}

@book {Sh:98,
    AUTHOR = {Shelah, S.},
     TITLE = {Proper and improper forcing},
    SERIES = {Perspectives in Mathematical Logic},
   EDITION = {Second},
 PUBLISHER = {Springer-Verlag},
   ADDRESS = {Berlin},
      YEAR = {1998},
     PAGES = {xlviii+1020},
      ISBN = {3-540-51700-6},
   MRCLASS = {03-02 (03E05 03E35 03E40 03E45 03E50)},
  MRNUMBER = {MR1623206 (98m:03002)},
MRREVIEWER = {A. Kanamori},
}


@book {VoHa:72,
    AUTHOR = {Vop{\v{e}}nka, P. and H{\'a}jek, P.},
     TITLE = {The theory of semisets},
 PUBLISHER = {Academia (Publishing House of the Czechoslovak Academy of
              Sciences), Prague},
      YEAR = {1972},
     PAGES = {332},
   MRCLASS = {02K10 (02K05)},
  MRNUMBER = {MR0444473 (56 \#2824)},
MRREVIEWER = {Andreas Blass},
}

@book {Zap:08,
    AUTHOR = {Zapletal, J.},
     TITLE = {Forcing idealized},
    SERIES = {Cambridge Tracts in Mathematics},
    VOLUME = {174},
 PUBLISHER = {Cambridge University Press},
   ADDRESS = {Cambridge},
      YEAR = {2008},
     PAGES = {vi+314},
      ISBN = {978-0-521-87426-7},
   MRCLASS = {03-02 (03E15 03E35 03E40 28A05 54A35)},
  MRNUMBER = {MR2391923},
}
@article{mekler,
  key={Mek84},
  title={C. C. C. Forcing without Combinatorics},
  author={Mekler, A.H.},
  journal={The Journal of Symbolic Logic},
  volume={49},
  number={3},
  pages={830--832},
  year={1984}
}
@book{fremlin:cms,
  key={Fre84},
  title={Consequences of Martin's axiom},
  author={Fremlin, D. H.},
  publisher={Cambridge University Press},
  SERIES = {Cambridge Tracts in Mathematics},
  VOLUME = {174},
  year=1984
}

@InCollection{Vaughan:1990,
key = {Vau90},
author = {Vaughan, J.},
editor = {Mill, van J. and Reed, G.M.},
booktitle = {Open Problems in Topology},
title = {Small uncountable cardinals and topology},
publisher = {North-Holland Publishing Co.},
year = {1990}
}