@article{towers-on-trees,
  title={{Towers on trees}},
  author={Goldstern, M. and Johnson, M. and Spinas, O.},
  journal={Proceedings of the American Mathematical Society},
  volume={122},
  number={2},
  pages={557--564},
  year={1994},
  key="GJS94"
}

@article{tree-ideals,
  title={On tree ideals},
  author={Goldstern, M. and Repick\'y, M. and Shelah, S. and Spinas, O.},
  journal={Proceedings of the American Mathematical Society},
  volume={123},
  pages={1573--1581},
  year={1995},
  key="GRSS95"
}

@article{distrib-numbers,
  title={The distributivity numbers of finite products of $P(\omega)/fin$},
  author={Shelah, S. and Spinas, O.},
  journal={Fundamenta Mathematic\ae{}},
  volume={158},
  pages={81--93},
  year={1998},
  key="ShSp98"
}

@article{judah-shelah,
  title={{The Kunen-Miller Chart (Lebesgue Measure, the Baire Property, Laver Reals and Preservation Theorems for Forcing)}},
  author={Judah, H. and Shelah, S.},
  journal={The Journal of Symbolic Logic},
  volume={55},
  number={3},
  pages={909--927},
  year={1990},
  key="JuSh94"
}

@Article{brendle-combinatorial,
author = {J\"org Brendle},
title = {Combinatorial properties of classical forcing notions},
journal = {Annals of Pure and Applied Logic},
year = 1995,
volume = 73,
pages={143--170},
key="Bre95"
}

@book{bartoszynski-judah,
  title={{Set Theory: On the Structure of the Real Line}},
  author={Bartoszy{\'n}ski, T. and Judah, H.},
  year={1995},
  publisher={AK Peters, Ltd.},
  key="BarJu95"
}
